01,042000314,AVIDX,180706,1154,1,80,1,2/                                        
02,CHANGE,042000314,1,180706,1154,USD,2/                                        
03,7028022700,USD,010,0000000000000000,,,015,0000000000000000,,/               
16,475,00000000011000,Z,2234000004,2234000004,CHECK/ 
49,00000000011000,000003/                                                    
98,00000000011000,000001,000000005/                                          
99,00000000011000,000001,000000007/