01,042000314,AVIDX,180706,1154,1,80,1,2/                                        
02,CHANGE,042000314,1,180706,1154,USD,2/                                        
03,7028022700,USD,010,0000000000000000,,,015,0000000000000000,,/               
16,475,000000000120045,Z,0360000027,0360000027,CHECK/ 
49,000000000120045,000003/                                                    
98,000000000120045,000001,000000005/                                          
99,000000000120045,000001,000000007/